<?xml version="1.0" encoding="UTF-8"?><record xmlns="http://www.loc.gov/MARC21/slim" xmlns:cinclude="http://apache.org/cocoon/include/1.0" xmlns:zs="http://www.loc.gov/zing/srw/">
  <leader>00541nz  a2200145n  4500</leader>
  <controlfield tag="001">no2008120530</controlfield>
  <controlfield tag="003">DLC</controlfield>
  <controlfield tag="005">20080821081627.0</controlfield>
  <controlfield tag="008">080819n| acannaabn          |n aaa     c</controlfield>
  <datafield tag="010" ind1=" " ind2=" ">
    <subfield code="a">no2008120530</subfield>
  </datafield>
  <datafield tag="035" ind1=" " ind2=" ">
    <subfield code="a">(OCoLC)oca07854376</subfield>
  </datafield>
  <datafield tag="040" ind1=" " ind2=" ">
    <subfield code="a">MoKU-MAV</subfield>
    <subfield code="b">eng</subfield>
    <subfield code="c">MoKU-MAV</subfield>
  </datafield>
  <datafield tag="100" ind1="1" ind2=" ">
    <subfield code="a">Smith, Frank M.,</subfield>
    <subfield code="d">1906-1976</subfield>
  </datafield>
  <datafield tag="670" ind1=" " ind2=" ">
    <subfield code="a">Hamilton. Tell me how long has the train been gone [SR] 1950:</subfield>
    <subfield code="b">label (Frank M. Smith)</subfield>
  </datafield>
  <datafield tag="670" ind1=" " ind2=" ">
    <subfield code="a">ASCAP, 4th ed.</subfield>
    <subfield code="b">(Smith, Frank M.; b. Feb. 2, 1906, Dover, Ohio; d. May 8, 1976, Chicago, Ill.; composer, conductor, musician)</subfield>
  </datafield>
</record>